@thesis{Evelin2017,
	author = {Evelin Heringer Manoel Krulikovski },
	title = {Análise Teórica de Máquinas de Vetores Suporte e Aplicação a Classificação de Caracteres},
	type = {Dissertação de Mestrado em Matemática},
	institution = {Universidade Federal do Paraná},
	date = {2017},
	OPTlocation = {Curitiba},
}

@article{Bezanson:2017g,
author = {Bezanson, Jeff and Edelman, Alan and Karpinski, Stefan and Shah, Viral B},
title = {{Julia: A Fresh Approach to Numerical Computing}},
journal = {SIAM Rev.},
year = {2017},
volume = {59},
number = {1},
pages = {65--98},
month = feb
}

@book{james2014introduction,
  title={An Introduction to Statistical Learning: with Applications in R},
  author={James, G. and Witten, D. and Hastie, T. and Tibshirani, R.},
  isbn={9781461471370},
  lccn={13936251},
  series={Springer Texts in Statistics},
  url={https://books.google.com.br/books?id=at1bmAEACAAJ},
  year={2014},
  publisher={Springer New York}
}

@book{Faisal2019,
	title = {Mathematics for Machine Learning},
	author = {Peter Deisenroth and A. Aldo Faisal and Cheng Soon Ong},
	year = {2019},
	publisher = {Cambridge University Press},
	address = {Boston}
} 

@book{Ademir2013,
	author = {Ademir A. Ribeiro and Elizabeth W. Karas},
	title = {Otimização Contínua: Aspectos teóricos e computacionais},
	year = {2013},
	publisher = {Cengage Learning},
	addres = {São Paulo}	
}

@book{Ana1994,
	author = {Ana Friedlander},
	title = {Elementos de Programação Não-Linear},
	year = {1994},
	publisher = {Unicamp},
	addres = {Campinas}	
}

@book{Izmailov2014ac,
author = {Izmailov, Alexey and Solodov, Mikhail},
title = {Otimiza{\c c}{\~a}o},
publisher = {IMPA},
year = {2014},
volume = {I},
subtitle = {Condi{\c c}{\~o}es de Otimalidade. Elementos de An{\'a}lise Convexa e de Dualidade},
address = {Rio de Janeiro},
edition = {3}
}

@book{Izmailov2014mc,
author = {Izmailov, Alexey and Solodov, Mikhail},
title = {Otimiza{\c c}{\~a}o},
publisher = {IMPA},
year = {2014},
volume = {II},
subtitle = {M{\'e}todos Computacionais},
address = {Rio de Janeiro},
edition = {3}
}

@article{Gould:2015kc,
author = {Gould, Nicholas I M and Orban, Dominique and Toint, Phillippe L},
title = {{CUTEst: a constrained and unconstrained testing environment with safe threads for mathematical optimization}},
journal = {Comput. Optim. Appl.},
year = {2015},
volume = {60},
number = {3},
pages = {545--557}
}

@book{Witten:2011kh,
editor = {Witten, Ian H and Frank, Eibe and Hall, Mark A},
title = {{Data Mining: Practical Machine Learning Tools and Techniques}},
publisher = {Morgan Kaufmann (Elsevier)},
year = {2011},
address = {Boston},
edition = {3}
}